@BOOK{libro-latex,
  title = {El libro de LaTeX},
  publisher = {Pearson (Prentice Hall)},
  year = {2003},
  author = {Cascales, B and Lucas, P. and Mira, J. M. and Pallarés, A. and Sánchez-Pedreño,
	Salvador},
  pages = {540},
  owner = {neonigma},
  timestamp = {2007.06.07}
}

